@article{citeulike:9725737,
    author = {Potosnak, Kathleen},
    citeulike-article-id = {9725737},
    journal = {IEEE Software},
    number = {3},
    pages = {91+},
    posted-at = {2011-08-30 07:46:36},
    priority = {0},
    title = {{Modular implementation benefits developers, users. (separating user interface from rest of computer program)}},
    volume = {6},
    year = {1989}
}

@electronic{citeulike:9725732,
    abstract = {{The Linux kernel version 2.6.17 has been released}},
    author = {Holwerda, Thom},
    citeulike-article-id = {9725732},
    citeulike-linkout-0 = {http://www.osnews.com/story/14931},
    day = {18},
    location = {http://www.osnews.com/story/14931},
    month = jun,
    organization = {OSNews},
    posted-at = {2011-08-30 07:41:25},
    priority = {0},
    title = {{Linux 2.6.17 Released}},
    url = {http://www.osnews.com/story/14931},
    year = {2006}
}

