@mastersthesis{thesis_malarecki,
    author = {Malarecki, Jurek T.},
    citeulike-article-id = {9944161},
    citeulike-linkout-0 = {http://robotics.ee.uwa.edu.au/theses/2009-REV-3-GUI-Malarecki.pdf},
    keywords = {thesis},
    month = oct,
    posted-at = {2011-10-25 13:52:46},
    priority = {2},
    title = {{Getz Graphical User Interface}},
    url = {http://robotics.ee.uwa.edu.au/theses/2009-REV-3-GUI-Malarecki.pdf},
    year = {2009}
}

@mastersthesis{thesis_walter,
    address = {Crawley Western Australia},
    author = {Walter, Thomas},
    citeulike-article-id = {9941086},
    citeulike-linkout-0 = {http://robotics.ee.uwa.edu.au/theses/2010-REV-Instrumentation-Walter.pdf},
    institution = {University of Western Australia},
    keywords = {thesis},
    month = dec,
    organization = {University Of Western Australia},
    posted-at = {2011-10-24 14:37:19},
    priority = {2},
    school = {School of Electrical, Electronic and Computer 	Engineering},
    title = {{Development of a User Interface
for Electric Cars}},
    url = {http://robotics.ee.uwa.edu.au/theses/2010-REV-Instrumentation-Walter.pdf},
    year = {2010}
}

@mastersthesis{thesis_varma,
    address = {Crawley Western Australia},
    author = {Varma, Daksh},
    citeulike-article-id = {9941055},
    citeulike-linkout-0 = {http://robotics.ee.uwa.edu.au/theses/2009-REV-Instrum-Varma.pdf},
    keywords = {thesis},
    month = oct,
    posted-at = {2011-10-24 14:07:06},
    priority = {2},
    school = {School of Electrical, Electronic and Computer 	Engineering},
    title = {{Renewable Energy Vehicle Instrumentation:
Graphical User Interface and Black Box}},
    url = {http://robotics.ee.uwa.edu.au/theses/2009-REV-Instrum-Varma.pdf},
    year = {2009}
}

@electronic{zeromq_guide,
    author = {Hintjens, Pieter},
    citeulike-article-id = {9940635},
    citeulike-linkout-0 = {http://zguide.zeromq.org/page:all},
    keywords = {thesis},
    posted-at = {2011-10-24 09:57:31},
    priority = {2},
    title = {{ZeroMQ: The Guide}},
    url = {http://zguide.zeromq.org/page:all},
    year = {2010}
}

@unpublished{zeromq_broker,
    author = {Hintjens, Pieter},
    citeulike-article-id = {9940628},
    citeulike-linkout-0 = {http://www.zeromq.org/whitepapers:switch-or-broker},
    keywords = {thesis},
    posted-at = {2011-10-24 09:53:38},
    priority = {2},
    title = {{Switch or Broker?:A comparison of two models for Reliable 		Messaging}},
    url = {http://www.zeromq.org/whitepapers:switch-or-broker},
    year = {2006}
}

@book{intro_to_gps,
    abstract = {{This thoroughly revised edition of the Artech House bestseller, Introduction to GPS: The Global Position System offers professionals and students an up-to-date, easy-to-understand treatment of this tremendously important technology. The second edition includes a wealth of brand new material, including a chapter on GPS satellite orbit and new coverage of today's hottest issues, such as precise point positioning and location based services. Without bogging readers down with advanced mathematics, the book addresses all aspects of the GPS, emphasizes GPS applications, examines the GPS signal structure, and covers the key types of measurement being utilized in the field today.   <P>Practitioners get an in-depth discussion on the errors and biases that affect GPS measurements, along with advice on how to overcome them. Moreover, the book shows how the GPS can be used for a number of different accuracy levels. Datums, coordinate systems, and map projections are discussed in a simple manner, offering a clear understanding of this widely misunderstood area. This unique reference also examines the integration of the GPS with other systems, and looks at future GPS modernization. Over 90 illustrations help clarify major topics throughout the book.} {If you're looking for an up-to-date, easy-to-understand treatment of the GPS (Global Positioning System), this one-of-a-kind resource offers you the knowledge you need for your work, without bogging you down with advanced mathematics. It addresses all aspects of the GPS, emphasizes GPS applications, examines the GPS signal structure, and covers the key types of measurement being utilized in the field today. You get an in-depth discussion on the errors and biases that affect GPS measurements, along with guidance on how to overcome them. Moreover, the book shows how the GPS can be used for a number of different accuracy levels. Datums, coordinate systems, and map projections are discussed in a simple manner, offering you a clear understanding of this widely misunderstood area. This unique reference also examines the integration of the GPS with other systems, and looks at future GPS modernization. Over 75 illustrations help clarify major topics throughout the book.}},
    author = {El-Rabbany, Ahmed},
    citeulike-article-id = {2390181},
    citeulike-linkout-0 = {http://www.amazon.ca/exec/obidos/redirect?tag=citeulike09-20\&amp;path=ASIN/1596930160},
    citeulike-linkout-1 = {http://www.amazon.de/exec/obidos/redirect?tag=citeulike01-21\&amp;path=ASIN/1596930160},
    citeulike-linkout-2 = {http://www.amazon.fr/exec/obidos/redirect?tag=citeulike06-21\&amp;path=ASIN/1596930160},
    citeulike-linkout-3 = {http://www.amazon.co.uk/exec/obidos/ASIN/1596930160/citeulike00-21},
    citeulike-linkout-4 = {http://www.amazon.com/exec/obidos/redirect?tag=citeulike07-20\&path=ASIN/1596930160},
    citeulike-linkout-5 = {http://www.worldcat.org/isbn/1596930160},
    citeulike-linkout-6 = {http://books.google.com/books?vid=ISBN1596930160},
    citeulike-linkout-7 = {http://www.amazon.com/gp/search?keywords=1596930160\&index=books\&linkCode=qs},
    citeulike-linkout-8 = {http://www.librarything.com/isbn/1596930160},
    day = {31},
    howpublished = {Hardcover},
    isbn = {1596930160},
    keywords = {thesis},
    month = aug,
    posted-at = {2011-10-24 09:25:54},
    priority = {2},
    publisher = {{Artech House Publishers}},
    title = {{Introduction to GPS: The Global Positioning System, Second Edition}},
    url = {http://www.worldcat.org/isbn/1596930160},
    year = {2006}
}

@manual{tbs_specs,
    author = {Electronics, T. B. S.},
    citeulike-article-id = {9940584},
    keywords = {thesis},
    posted-at = {2011-10-24 09:23:15},
    priority = {2},
    title = {{e-xpert pro communication interface specification}},
    year = {2008}
}

@electronic{tbs_features,
    author = {Electronics, T. B. S.},
    citeulike-article-id = {9940580},
    citeulike-linkout-0 = {http://www.tbs-electronics.nl/products\_expertpro\_features.htm},
    keywords = {thesis},
    posted-at = {2011-10-24 09:20:40},
    priority = {2},
    title = {{Expert Pro Features}},
    url = {http://www.tbs-electronics.nl/products\_expertpro\_features.htm},
    year = {2010}
}

@electronic{gumstix_buildroot,
    author = {Gumstix},
    citeulike-article-id = {9940574},
    citeulike-linkout-0 = {http://docwiki.gumstix.org/Buildroot},
    keywords = {thesis},
    posted-at = {2011-10-24 09:15:20},
    priority = {2},
    title = {{Buildroot}},
    url = {http://docwiki.gumstix.org/Buildroot},
    year = {2010}
}

@mastersthesis{macleod_thesis,
    address = {Perth, Western Australia, 	Australia,},
    author = {MacLeod},
    citeulike-article-id = {9940570},
    institution = {University of Western Australia},
    keywords = {thesis},
    posted-at = {2011-10-24 09:13:01},
    priority = {2},
    school = {School of Electrical, Electronic and Computer 	Engineering},
    title = {{Eyebot M6 controlled sensor package in a renewable energy vehicle}},
    year = {2010}
}

@mastersthesis{blackham_thesis,
    address = {Perth, Western Australia, 	Australia,},
    author = {Blackham},
    citeulike-article-id = {9940567},
    institution = {University of Western Australia},
    keywords = {thesis},
    posted-at = {2011-10-24 09:09:28},
    priority = {2},
    school = {School of Electrical, Electronic and Computer 	Engineering},
    title = {{The Development of a Hardware Platform for Real-time Image 			Processing}},
    year = {2010}
}

@electronic{evpowerbms,
    author = {EV-Power},
    citeulike-article-id = {9940562},
    citeulike-linkout-0 = {http://www.ev-power.com.au/-Thundersky-Battery-Balancing-System-.html},
    keywords = {thesis},
    posted-at = {2011-10-24 09:03:21},
    priority = {2},
    title = {{EV Power Battery Managment System}},
    url = {http://www.ev-power.com.au/-Thundersky-Battery-Balancing-System-.html},
    year = {2010}
}

@electronic{rev_eco,
    author = {REV Project},
    citeulike-article-id = {9940559},
    citeulike-linkout-0 = {http://therevproject.com/vehicles/economy},
    keywords = {thesis},
    posted-at = {2011-10-24 09:00:36},
    priority = {2},
    title = {{REV Eco}},
    url = {http://therevproject.com/vehicles/economy},
    year = {2008}
}

@article{protosnak_modular,
    author = {Potosnak, Kathleen},
    citeulike-article-id = {9940537},
    journal = {IEEE Software},
    keywords = {thesis},
    month = may,
    number = {3},
    pages = {91+},
    posted-at = {2011-10-24 08:45:30},
    priority = {2},
    title = {{Modular implementation benefits developers, users. (separating 		user interface from rest of computer program)}},
    volume = {6},
    year = {1989}
}

@mastersthesis{thesis_sommer,
    author = {Sommer, Thomas},
    citeulike-article-id = {9936395},
    citeulike-linkout-0 = {http://robotics.ee.uwa.edu.au/theses/2007-Embedded-Sommer.pdf},
    keywords = {thesis},
    month = feb,
    posted-at = {2011-10-23 03:44:42},
    priority = {2},
    title = {{Application Program Interface
for an Embedded Linux Syste}},
    url = {http://robotics.ee.uwa.edu.au/theses/2007-Embedded-Sommer.pdf},
    year = {2007}
}

@mastersthesis{john_thesis,
    address = {Crawley Western Australia},
    author = {Pearce, John},
    citeulike-article-id = {9935718},
    citeulike-linkout-0 = {http://robotics.ee.uwa.edu.au/theses/2010-REV-Telemetry-Pearce.pdf},
    keywords = {thesis},
    month = nov,
    organization = {University Of Western Australia},
    posted-at = {2011-10-22 14:46:24},
    priority = {2},
    title = {{Electric Vehicle Telemetry}},
    url = {http://robotics.ee.uwa.edu.au/theses/2010-REV-Telemetry-Pearce.pdf},
    year = {2010}
}

@manual{6dofimu,
    author = {Electronics, Sparkfun},
    citeulike-article-id = {9935298},
    citeulike-linkout-0 = {http://www.sparkfun.com/datasheets/Sensors/IMU/SFE-0012-DS-6DOFAtomic\_v3.pdf},
    keywords = {thesis},
    month = mar,
    organization = {Sparkfun Electronics},
    posted-at = {2011-10-22 11:13:55},
    priority = {2},
    title = {{Atomic IMU - 6 Degrees of Freedom}},
    url = {http://www.sparkfun.com/datasheets/Sensors/IMU/SFE-0012-DS-6DOFAtomic\_v3.pdf},
    year = {2009}
}

@manual{atmega32specs,
    author = {Corporation, Atmel},
    citeulike-article-id = {9935093},
    citeulike-linkout-0 = {http://www.atmel.com/dyn/resources/prod\_documents/doc8271.pdf},
    keywords = {thesis},
    month = may,
    posted-at = {2011-10-22 09:19:59},
    priority = {2},
    title = {{8-bit Atmel 
Microcontroller 
with 4/8/16/32K 
Bytes In-System
Programmable 
Flash}},
    url = {http://www.atmel.com/dyn/resources/prod\_documents/doc8271.pdf},
    year = {2011}
}

@electronic{arduinospecs,
    author = {Arduino},
    citeulike-article-id = {9935087},
    citeulike-linkout-0 = {http://arduino.cc/en/Main/ArduinoBoardUno},
    keywords = {thesis},
    posted-at = {2011-10-22 08:55:41},
    priority = {2},
    title = {{Arduino}},
    url = {http://arduino.cc/en/Main/ArduinoBoardUno}
}

@article{bufferoverflow,
    author = {Shoniregun, Charles A.},
    citeulike-article-id = {9934973},
    citeulike-linkout-0 = {http://www.inderscience.com/storage/f571021131298164.pdf},
    journal = {Int. J. Internet Technology and Secured Transactions},
    keywords = {thesis},
    pages = {32+},
    posted-at = {2011-10-22 05:12:18},
    priority = {2},
    title = {{A novel approach against the system buffer overflow}},
    url = {http://www.inderscience.com/storage/f571021131298164.pdf},
    volume = {2},
    year = {2010}
}

@article{syslog,
    author = {Eaton, Ian},
    citeulike-article-id = {9934855},
    citeulike-linkout-0 = {http://www.sans.org/reading\_room/whitepapers/logging/ins-outs-system-logging-syslog\_1168},
    journal = {SANS Institute InfoSec Reading Room},
    keywords = {thesis},
    posted-at = {2011-10-22 04:17:07},
    priority = {2},
    title = {{The Ins and Outs of System Logging Using Syslog}},
    url = {http://www.sans.org/reading\_room/whitepapers/logging/ins-outs-system-logging-syslog\_1168},
    year = {2003}
}

@electronic{modal,
    author = {Basic, Power},
    citeulike-article-id = {9913578},
    citeulike-linkout-0 = {http://www.powerbasic.com/support/help/pbwin/html/modal\_modeless.htm},
    keywords = {thesis},
    posted-at = {2011-10-17 05:07:22},
    priority = {2},
    title = {{Modal vs. Modeless}},
    url = {http://www.powerbasic.com/support/help/pbwin/html/modal\_modeless.htm}
}

@electronic{joules_law,
    author = {Beaty and Fink, Donald G.},
    citeulike-article-id = {9911586},
    citeulike-linkout-0 = {http://www.worldcat.org/isbn/9780071441469},
    citeulike-linkout-1 = {http://books.google.com/books?vid=ISBN9780071441469},
    citeulike-linkout-2 = {http://www.amazon.com/gp/search?keywords=9780071441469\&index=books\&linkCode=qs},
    citeulike-linkout-3 = {http://www.librarything.com/isbn/9780071441469},
    citeulike-linkout-4 = {http://www.worldcat.org/oclc/525053373},
    isbn = {9780071441469},
    keywords = {thesis},
    posted-at = {2011-10-16 14:37:39},
    priority = {2},
    publisher = {McGraw-Hill},
    title = {{Standard handbook for electrical engineers}},
    url = {http://www.worldcat.org/isbn/9780071441469},
    year = {2007}
}

@unpublished{getz_fuel_consumption,
    citeulike-article-id = {9911483},
    citeulike-linkout-0 = {http://www.pressportal.com.au/news/272/ARTICLE/3562/2008-10-23.html},
    day = {23},
    keywords = {thesis},
    month = oct,
    posted-at = {2011-10-16 10:55:40},
    priority = {2},
    title = {{Review: 2008 Hyundai Getz 1.4L}},
    url = {http://www.pressportal.com.au/news/272/ARTICLE/3562/2008-10-23.html},
    year = {2008}
}

@electronic{slippy_map_tilenames,
    citeulike-article-id = {9909514},
    citeulike-linkout-0 = {http://wiki.openstreetmap.org/wiki/Slippy\_map\_tilenames},
    day = {8},
    keywords = {thesis},
    month = oct,
    posted-at = {2011-10-15 15:07:18},
    priority = {2},
    title = {{Slippy Map Tile Names}},
    url = {http://wiki.openstreetmap.org/wiki/Slippy\_map\_tilenames},
    year = {2011}
}

@electronic{tile_usage_policy,
    author = {OpenStreetMap},
    citeulike-article-id = {9909376},
    citeulike-linkout-0 = {http://wiki.openstreetmap.org/wiki/Tile\_usage\_policy},
    day = {6},
    keywords = {thesis},
    month = aug,
    posted-at = {2011-10-15 14:11:25},
    priority = {2},
    title = {{Tile Usage Policy}},
    url = {http://wiki.openstreetmap.org/wiki/Tile\_usage\_policy},
    year = {2011}
}

@electronic{planet_osm,
    citeulike-article-id = {9909363},
    citeulike-linkout-0 = {http://planet.openstreetmap.org/},
    day = {15},
    keywords = {thesis},
    month = oct,
    posted-at = {2011-10-15 14:03:45},
    priority = {2},
    title = {{Planet OSM}},
    url = {http://planet.openstreetmap.org/},
    year = {2011}
}

@manual{e_xpert,
    author = {Electronics, T. B. S.},
    citeulike-article-id = {9885394},
    keywords = {thesis},
    month = may,
    organization = {TBS Electronics},
    posted-at = {2011-10-10 06:39:45},
    priority = {2},
    title = {{e-xpert pro communication interface specification}},
    year = {2008}
}

@article{citeulike:9725737,
    author = {Potosnak, Kathleen},
    citeulike-article-id = {9725737},
    journal = {IEEE Software},
    keywords = {thesis},
    number = {3},
    pages = {91+},
    posted-at = {2011-08-30 07:46:36},
    priority = {0},
    title = {{Modular implementation benefits developers, users. (separating user interface from rest of computer program)}},
    volume = {6},
    year = {1989}
}

@electronic{osnews,
    abstract = {{The Linux kernel version 2.6.17 has been released}},
    author = {Holwerda, Thom},
    citeulike-article-id = {9725732},
    citeulike-linkout-0 = {http://www.osnews.com/story/14931},
    day = {18},
    keywords = {thesis},
    location = {http://www.osnews.com/story/14931},
    month = jun,
    organization = {OSNews},
    posted-at = {2011-08-30 07:41:25},
    priority = {0},
    title = {{Linux 2.6.17 Released}},
    url = {http://www.osnews.com/story/14931},
    year = {2006}
}

